<record><leader>00000cas a2200000 a 4500</leader><controlfield tag="001">33475271</controlfield><controlfield tag="008">951114d18uu1893fluwr ne      0    0eng c</controlfield><datafield ind1=" " ind2=" " tag="010"><subfield code="a">sn 95047301 </subfield></datafield><datafield ind1=" " ind2=" " tag="040"><subfield code="a">FUG</subfield><subfield code="b">eng</subfield><subfield code="c">FUG</subfield><subfield code="d">OCLCQ</subfield><subfield code="d">OCLCF</subfield><subfield code="d">OCLCO</subfield></datafield><datafield ind1=" " ind2=" " tag="012"><subfield code="i">9511</subfield></datafield><datafield ind1="1" ind2=" " tag="029"><subfield code="a">AU@</subfield><subfield code="b">000025890163</subfield></datafield><datafield ind1=" " ind2=" " tag="042"><subfield code="a">pcc</subfield></datafield><datafield ind1=" " ind2=" " tag="043"><subfield code="a">n-us-fl</subfield></datafield><datafield ind1="0" ind2="4" tag="245"><subfield code="a">The Palatka herald.</subfield></datafield><datafield ind1=" " ind2=" " tag="260"><subfield code="a">Palatka, Fla. :</subfield><subfield code="b">G.W. Pratt</subfield></datafield><datafield ind1=" " ind2=" " tag="300"><subfield code="a">v.</subfield></datafield><datafield ind1=" " ind2=" " tag="310"><subfield code="a">Weekly</subfield></datafield><datafield ind1="1" ind2=" " tag="362"><subfield code="a">Ceased in 1893.</subfield></datafield><datafield ind1=" " ind2=" " tag="580"><subfield code="a">Daily ed.: Palatka evening herald, &lt;1889&gt;.</subfield></datafield><datafield ind1=" " ind2=" " tag="588"><subfield code="a">Description based on: No. 47 (Mar. 17, 1885).</subfield></datafield><datafield ind1=" " ind2=" " tag="588"><subfield code="a">Latest issue consulted: Mar. 11, 1892.</subfield></datafield><datafield ind1=" " ind2="0" tag="651"><subfield code="a">Palatka (Fla.)</subfield><subfield code="v">Newspapers.</subfield></datafield><datafield ind1=" " ind2="0" tag="651"><subfield code="a">Putnam County (Fla.)</subfield><subfield code="v">Newspapers.</subfield></datafield><datafield ind1=" " ind2="7" tag="655"><subfield code="a">Newspapers.</subfield><subfield code="2">fast</subfield><subfield code="0">(OCoLC)fst01423814</subfield></datafield><datafield ind1=" " ind2="7" tag="651"><subfield code="a">Florida</subfield><subfield code="z">Palatka.</subfield><subfield code="2">fast</subfield><subfield code="0">(OCoLC)fst01215854</subfield></datafield><datafield ind1=" " ind2="7" tag="651"><subfield code="a">Florida</subfield><subfield code="z">Putnam County.</subfield><subfield code="2">fast</subfield><subfield code="0">(OCoLC)fst01214942</subfield></datafield><datafield ind1=" " ind2=" " tag="752"><subfield code="a">United States</subfield><subfield code="b">Florida</subfield><subfield code="c">Putnam</subfield><subfield code="d">Palatka.</subfield></datafield><datafield ind1="1" ind2=" " tag="775"><subfield code="t">Palatka evening herald</subfield><subfield code="w">(DLC)sn 95047300</subfield><subfield code="w">(OCoLC)33475270</subfield></datafield><datafield ind1="0" ind2="7" tag="785"><subfield code="t">Palatka weekly times</subfield><subfield code="w">(DLC)sn 95047303</subfield><subfield code="w">(OCoLC)33475273</subfield></datafield><datafield ind1="0" ind2="7" tag="785"><subfield code="t">Times-herald (Palatka, Fla.)</subfield><subfield code="w">(DLC)sn 95047304</subfield><subfield code="w">(OCoLC)33475274</subfield></datafield><datafield ind1=" " ind2=" " tag="850"><subfield code="a">FU</subfield></datafield></record>